<?xml version="1.0" encoding="UTF-8"?><collection xmlns="http://www.loc.gov/MARC21/slim"><record><leader>00450nam--2200133-i-4500</leader><controlfield tag="001">000016071</controlfield><controlfield tag="002">20161230</controlfield><controlfield tag="005">20161230201031</controlfield><controlfield tag="008">060222s1000------------r-----000-0-eng-d</controlfield><datafield ind1=" " ind2=" " tag="245"><subfield code="a">Distilarea moleculara si rectificarea sub vid. traducerea din literatura sovietica de specialitate, editata de un colectiv</subfield></datafield><datafield ind1=" " ind2=" " tag="260"><subfield code="a">Bucuresti, Ed.Acad.R.P.R., 1956</subfield></datafield><datafield ind1=" " ind2=" " tag="490"><subfield code="a">Bibl.Analelor Rom.-sov.Seria Tehnica</subfield></datafield><datafield ind1=" " ind2=" " tag="700"><subfield code="a">Javoroncov, N.M./S.A.</subfield></datafield><datafield ind1=" " ind2=" " tag="852"><subfield code="a">66.048</subfield></datafield></record></collection>